%YAML 1.1
%TAG !u! tag:unity3d.com,2011:
--- !u!1 &6802597638470321218
GameObject:
  m_ObjectHideFlags: 0
  m_CorrespondingSourceObject: {fileID: 0}
  m_PrefabInstance: {fileID: 0}
  m_PrefabAsset: {fileID: 0}
  serializedVersion: 6
  m_Component:
  - component: {fileID: 8575364099748048415}
  m_Layer: 0
  m_Name: Torches
  m_TagString: Untagged
  m_Icon: {fileID: 0}
  m_NavMeshLayer: 0
  m_StaticEditorFlags: 0
  m_IsActive: 1
--- !u!4 &8575364099748048415
Transform:
  m_ObjectHideFlags: 0
  m_CorrespondingSourceObject: {fileID: 0}
  m_PrefabInstance: {fileID: 0}
  m_PrefabAsset: {fileID: 0}
  m_GameObject: {fileID: 6802597638470321218}
  m_LocalRotation: {x: 0, y: 0, z: 0, w: 1}
  m_LocalPosition: {x: 0, y: 0, z: 0}
  m_LocalScale: {x: 1, y: 1, z: 1}
  m_Children:
  - {fileID: 6158573264362010499}
  - {fileID: 605578684363400655}
  - {fileID: 6851591288722415146}
  - {fileID: 1663694300677422923}
  - {fileID: 5085580933220153025}
  - {fileID: 4686152292153691134}
  - {fileID: 4699939439516890241}
  - {fileID: 6994209735292670582}
  - {fileID: 8686528222334278314}
  - {fileID: 1140582325514797920}
  - {fileID: 1327583026017338317}
  m_Father: {fileID: 0}
  m_RootOrder: 0
  m_LocalEulerAnglesHint: {x: 0, y: 0, z: 0}
--- !u!1001 &695653038440966239
PrefabInstance:
  m_ObjectHideFlags: 0
  serializedVersion: 2
  m_Modification:
    m_TransformParent: {fileID: 8575364099748048415}
    m_Modifications:
    - target: {fileID: 8154835462709719793, guid: aca9fc9493faa4b46a5c31cf01be5c83, type: 3}
      propertyPath: m_Name
      value: Torch1 (2)
      objectReference: {fileID: 0}
    - target: {fileID: 8154835462709719797, guid: aca9fc9493faa4b46a5c31cf01be5c83, type: 3}
      propertyPath: m_RootOrder
      value: 8
      objectReference: {fileID: 0}
    - target: {fileID: 8154835462709719797, guid: aca9fc9493faa4b46a5c31cf01be5c83, type: 3}
      propertyPath: m_LocalPosition.x
      value: 21.72
      objectReference: {fileID: 0}
    - target: {fileID: 8154835462709719797, guid: aca9fc9493faa4b46a5c31cf01be5c83, type: 3}
      propertyPath: m_LocalPosition.y
      value: 38.54
      objectReference: {fileID: 0}
    - target: {fileID: 8154835462709719797, guid: aca9fc9493faa4b46a5c31cf01be5c83, type: 3}
      propertyPath: m_LocalPosition.z
      value: 0
      objectReference: {fileID: 0}
    - target: {fileID: 8154835462709719797, guid: aca9fc9493faa4b46a5c31cf01be5c83, type: 3}
      propertyPath: m_LocalRotation.w
      value: 1
      objectReference: {fileID: 0}
    - target: {fileID: 8154835462709719797, guid: aca9fc9493faa4b46a5c31cf01be5c83, type: 3}
      propertyPath: m_LocalRotation.x
      value: -0
      objectReference: {fileID: 0}
    - target: {fileID: 8154835462709719797, guid: aca9fc9493faa4b46a5c31cf01be5c83, type: 3}
      propertyPath: m_LocalRotation.y
      value: -0
      objectReference: {fileID: 0}
    - target: {fileID: 8154835462709719797, guid: aca9fc9493faa4b46a5c31cf01be5c83, type: 3}
      propertyPath: m_LocalRotation.z
      value: -0
      objectReference: {fileID: 0}
    - target: {fileID: 8154835462709719797, guid: aca9fc9493faa4b46a5c31cf01be5c83, type: 3}
      propertyPath: m_LocalEulerAnglesHint.x
      value: 0
      objectReference: {fileID: 0}
    - target: {fileID: 8154835462709719797, guid: aca9fc9493faa4b46a5c31cf01be5c83, type: 3}
      propertyPath: m_LocalEulerAnglesHint.y
      value: 0
      objectReference: {fileID: 0}
    - target: {fileID: 8154835462709719797, guid: aca9fc9493faa4b46a5c31cf01be5c83, type: 3}
      propertyPath: m_LocalEulerAnglesHint.z
      value: 0
      objectReference: {fileID: 0}
    - target: {fileID: 8154835462709719799, guid: aca9fc9493faa4b46a5c31cf01be5c83, type: 3}
      propertyPath: m_SortingOrder
      value: -5
      objectReference: {fileID: 0}
    m_RemovedComponents: []
  m_SourcePrefab: {fileID: 100100000, guid: aca9fc9493faa4b46a5c31cf01be5c83, type: 3}
--- !u!4 &8686528222334278314 stripped
Transform:
  m_CorrespondingSourceObject: {fileID: 8154835462709719797, guid: aca9fc9493faa4b46a5c31cf01be5c83, type: 3}
  m_PrefabInstance: {fileID: 695653038440966239}
  m_PrefabAsset: {fileID: 0}
--- !u!1001 &1169712246132105347
PrefabInstance:
  m_ObjectHideFlags: 0
  serializedVersion: 2
  m_Modification:
    m_TransformParent: {fileID: 8575364099748048415}
    m_Modifications:
    - target: {fileID: 8154835462709719793, guid: aca9fc9493faa4b46a5c31cf01be5c83, type: 3}
      propertyPath: m_Name
      value: Torch1
      objectReference: {fileID: 0}
    - target: {fileID: 8154835462709719797, guid: aca9fc9493faa4b46a5c31cf01be5c83, type: 3}
      propertyPath: m_RootOrder
      value: 7
      objectReference: {fileID: 0}
    - target: {fileID: 8154835462709719797, guid: aca9fc9493faa4b46a5c31cf01be5c83, type: 3}
      propertyPath: m_LocalPosition.x
      value: 35.696
      objectReference: {fileID: 0}
    - target: {fileID: 8154835462709719797, guid: aca9fc9493faa4b46a5c31cf01be5c83, type: 3}
      propertyPath: m_LocalPosition.y
      value: 11.991315
      objectReference: {fileID: 0}
    - target: {fileID: 8154835462709719797, guid: aca9fc9493faa4b46a5c31cf01be5c83, type: 3}
      propertyPath: m_LocalPosition.z
      value: 0
      objectReference: {fileID: 0}
    - target: {fileID: 8154835462709719797, guid: aca9fc9493faa4b46a5c31cf01be5c83, type: 3}
      propertyPath: m_LocalRotation.w
      value: 1
      objectReference: {fileID: 0}
    - target: {fileID: 8154835462709719797, guid: aca9fc9493faa4b46a5c31cf01be5c83, type: 3}
      propertyPath: m_LocalRotation.x
      value: -0
      objectReference: {fileID: 0}
    - target: {fileID: 8154835462709719797, guid: aca9fc9493faa4b46a5c31cf01be5c83, type: 3}
      propertyPath: m_LocalRotation.y
      value: -0
      objectReference: {fileID: 0}
    - target: {fileID: 8154835462709719797, guid: aca9fc9493faa4b46a5c31cf01be5c83, type: 3}
      propertyPath: m_LocalRotation.z
      value: -0
      objectReference: {fileID: 0}
    - target: {fileID: 8154835462709719797, guid: aca9fc9493faa4b46a5c31cf01be5c83, type: 3}
      propertyPath: m_LocalEulerAnglesHint.x
      value: 0
      objectReference: {fileID: 0}
    - target: {fileID: 8154835462709719797, guid: aca9fc9493faa4b46a5c31cf01be5c83, type: 3}
      propertyPath: m_LocalEulerAnglesHint.y
      value: 0
      objectReference: {fileID: 0}
    - target: {fileID: 8154835462709719797, guid: aca9fc9493faa4b46a5c31cf01be5c83, type: 3}
      propertyPath: m_LocalEulerAnglesHint.z
      value: 0
      objectReference: {fileID: 0}
    - target: {fileID: 8154835462709719799, guid: aca9fc9493faa4b46a5c31cf01be5c83, type: 3}
      propertyPath: m_SortingOrder
      value: -5
      objectReference: {fileID: 0}
    m_RemovedComponents: []
  m_SourcePrefab: {fileID: 100100000, guid: aca9fc9493faa4b46a5c31cf01be5c83, type: 3}
--- !u!4 &6994209735292670582 stripped
Transform:
  m_CorrespondingSourceObject: {fileID: 8154835462709719797, guid: aca9fc9493faa4b46a5c31cf01be5c83, type: 3}
  m_PrefabInstance: {fileID: 1169712246132105347}
  m_PrefabAsset: {fileID: 0}
--- !u!1001 &2434142195816046788
PrefabInstance:
  m_ObjectHideFlags: 0
  serializedVersion: 2
  m_Modification:
    m_TransformParent: {fileID: 8575364099748048415}
    m_Modifications:
    - target: {fileID: 1104525064, guid: de88b3d3a8a3a684584f9d47fc63b441, type: 3}
      propertyPath: m_SortingOrder
      value: -5
      objectReference: {fileID: 0}
    - target: {fileID: 2999606211514516747, guid: de88b3d3a8a3a684584f9d47fc63b441, type: 3}
      propertyPath: m_RootOrder
      value: 1
      objectReference: {fileID: 0}
    - target: {fileID: 2999606211514516747, guid: de88b3d3a8a3a684584f9d47fc63b441, type: 3}
      propertyPath: m_LocalPosition.x
      value: 57.47
      objectReference: {fileID: 0}
    - target: {fileID: 2999606211514516747, guid: de88b3d3a8a3a684584f9d47fc63b441, type: 3}
      propertyPath: m_LocalPosition.y
      value: 42.59
      objectReference: {fileID: 0}
    - target: {fileID: 2999606211514516747, guid: de88b3d3a8a3a684584f9d47fc63b441, type: 3}
      propertyPath: m_LocalPosition.z
      value: 0
      objectReference: {fileID: 0}
    - target: {fileID: 2999606211514516747, guid: de88b3d3a8a3a684584f9d47fc63b441, type: 3}
      propertyPath: m_LocalRotation.w
      value: 1
      objectReference: {fileID: 0}
    - target: {fileID: 2999606211514516747, guid: de88b3d3a8a3a684584f9d47fc63b441, type: 3}
      propertyPath: m_LocalRotation.x
      value: -0
      objectReference: {fileID: 0}
    - target: {fileID: 2999606211514516747, guid: de88b3d3a8a3a684584f9d47fc63b441, type: 3}
      propertyPath: m_LocalRotation.y
      value: -0
      objectReference: {fileID: 0}
    - target: {fileID: 2999606211514516747, guid: de88b3d3a8a3a684584f9d47fc63b441, type: 3}
      propertyPath: m_LocalRotation.z
      value: -0
      objectReference: {fileID: 0}
    - target: {fileID: 2999606211514516747, guid: de88b3d3a8a3a684584f9d47fc63b441, type: 3}
      propertyPath: m_LocalEulerAnglesHint.x
      value: 0
      objectReference: {fileID: 0}
    - target: {fileID: 2999606211514516747, guid: de88b3d3a8a3a684584f9d47fc63b441, type: 3}
      propertyPath: m_LocalEulerAnglesHint.y
      value: 0
      objectReference: {fileID: 0}
    - target: {fileID: 2999606211514516747, guid: de88b3d3a8a3a684584f9d47fc63b441, type: 3}
      propertyPath: m_LocalEulerAnglesHint.z
      value: 0
      objectReference: {fileID: 0}
    - target: {fileID: 3372654233415358040, guid: de88b3d3a8a3a684584f9d47fc63b441, type: 3}
      propertyPath: m_Name
      value: Torch2 (1)
      objectReference: {fileID: 0}
    m_RemovedComponents: []
  m_SourcePrefab: {fileID: 100100000, guid: de88b3d3a8a3a684584f9d47fc63b441, type: 3}
--- !u!4 &605578684363400655 stripped
Transform:
  m_CorrespondingSourceObject: {fileID: 2999606211514516747, guid: de88b3d3a8a3a684584f9d47fc63b441, type: 3}
  m_PrefabInstance: {fileID: 2434142195816046788}
  m_PrefabAsset: {fileID: 0}
--- !u!1001 &4518830965217884736
PrefabInstance:
  m_ObjectHideFlags: 0
  serializedVersion: 2
  m_Modification:
    m_TransformParent: {fileID: 8575364099748048415}
    m_Modifications:
    - target: {fileID: 1104525064, guid: de88b3d3a8a3a684584f9d47fc63b441, type: 3}
      propertyPath: m_SortingOrder
      value: -5
      objectReference: {fileID: 0}
    - target: {fileID: 2999606211514516747, guid: de88b3d3a8a3a684584f9d47fc63b441, type: 3}
      propertyPath: m_RootOrder
      value: 3
      objectReference: {fileID: 0}
    - target: {fileID: 2999606211514516747, guid: de88b3d3a8a3a684584f9d47fc63b441, type: 3}
      propertyPath: m_LocalPosition.x
      value: 30.68
      objectReference: {fileID: 0}
    - target: {fileID: 2999606211514516747, guid: de88b3d3a8a3a684584f9d47fc63b441, type: 3}
      propertyPath: m_LocalPosition.y
      value: 26.71
      objectReference: {fileID: 0}
    - target: {fileID: 2999606211514516747, guid: de88b3d3a8a3a684584f9d47fc63b441, type: 3}
      propertyPath: m_LocalPosition.z
      value: 0
      objectReference: {fileID: 0}
    - target: {fileID: 2999606211514516747, guid: de88b3d3a8a3a684584f9d47fc63b441, type: 3}
      propertyPath: m_LocalRotation.w
      value: 1
      objectReference: {fileID: 0}
    - target: {fileID: 2999606211514516747, guid: de88b3d3a8a3a684584f9d47fc63b441, type: 3}
      propertyPath: m_LocalRotation.x
      value: -0
      objectReference: {fileID: 0}
    - target: {fileID: 2999606211514516747, guid: de88b3d3a8a3a684584f9d47fc63b441, type: 3}
      propertyPath: m_LocalRotation.y
      value: -0
      objectReference: {fileID: 0}
    - target: {fileID: 2999606211514516747, guid: de88b3d3a8a3a684584f9d47fc63b441, type: 3}
      propertyPath: m_LocalRotation.z
      value: -0
      objectReference: {fileID: 0}
    - target: {fileID: 2999606211514516747, guid: de88b3d3a8a3a684584f9d47fc63b441, type: 3}
      propertyPath: m_LocalEulerAnglesHint.x
      value: 0
      objectReference: {fileID: 0}
    - target: {fileID: 2999606211514516747, guid: de88b3d3a8a3a684584f9d47fc63b441, type: 3}
      propertyPath: m_LocalEulerAnglesHint.y
      value: 0
      objectReference: {fileID: 0}
    - target: {fileID: 2999606211514516747, guid: de88b3d3a8a3a684584f9d47fc63b441, type: 3}
      propertyPath: m_LocalEulerAnglesHint.z
      value: 0
      objectReference: {fileID: 0}
    - target: {fileID: 3372654233415358040, guid: de88b3d3a8a3a684584f9d47fc63b441, type: 3}
      propertyPath: m_Name
      value: Torch2 (3)
      objectReference: {fileID: 0}
    m_RemovedComponents: []
  m_SourcePrefab: {fileID: 100100000, guid: de88b3d3a8a3a684584f9d47fc63b441, type: 3}
--- !u!4 &1663694300677422923 stripped
Transform:
  m_CorrespondingSourceObject: {fileID: 2999606211514516747, guid: de88b3d3a8a3a684584f9d47fc63b441, type: 3}
  m_PrefabInstance: {fileID: 4518830965217884736}
  m_PrefabAsset: {fileID: 0}
--- !u!1001 &7153772431894131000
PrefabInstance:
  m_ObjectHideFlags: 0
  serializedVersion: 2
  m_Modification:
    m_TransformParent: {fileID: 8575364099748048415}
    m_Modifications:
    - target: {fileID: 8154835462709719793, guid: aca9fc9493faa4b46a5c31cf01be5c83, type: 3}
      propertyPath: m_Name
      value: Torch1 (3)
      objectReference: {fileID: 0}
    - target: {fileID: 8154835462709719797, guid: aca9fc9493faa4b46a5c31cf01be5c83, type: 3}
      propertyPath: m_RootOrder
      value: 10
      objectReference: {fileID: 0}
    - target: {fileID: 8154835462709719797, guid: aca9fc9493faa4b46a5c31cf01be5c83, type: 3}
      propertyPath: m_LocalScale.x
      value: -2
      objectReference: {fileID: 0}
    - target: {fileID: 8154835462709719797, guid: aca9fc9493faa4b46a5c31cf01be5c83, type: 3}
      propertyPath: m_LocalPosition.x
      value: 51.32
      objectReference: {fileID: 0}
    - target: {fileID: 8154835462709719797, guid: aca9fc9493faa4b46a5c31cf01be5c83, type: 3}
      propertyPath: m_LocalPosition.y
      value: 21.57
      objectReference: {fileID: 0}
    - target: {fileID: 8154835462709719797, guid: aca9fc9493faa4b46a5c31cf01be5c83, type: 3}
      propertyPath: m_LocalPosition.z
      value: 0
      objectReference: {fileID: 0}
    - target: {fileID: 8154835462709719797, guid: aca9fc9493faa4b46a5c31cf01be5c83, type: 3}
      propertyPath: m_LocalRotation.w
      value: 1
      objectReference: {fileID: 0}
    - target: {fileID: 8154835462709719797, guid: aca9fc9493faa4b46a5c31cf01be5c83, type: 3}
      propertyPath: m_LocalRotation.x
      value: -0
      objectReference: {fileID: 0}
    - target: {fileID: 8154835462709719797, guid: aca9fc9493faa4b46a5c31cf01be5c83, type: 3}
      propertyPath: m_LocalRotation.y
      value: -0
      objectReference: {fileID: 0}
    - target: {fileID: 8154835462709719797, guid: aca9fc9493faa4b46a5c31cf01be5c83, type: 3}
      propertyPath: m_LocalRotation.z
      value: -0
      objectReference: {fileID: 0}
    - target: {fileID: 8154835462709719797, guid: aca9fc9493faa4b46a5c31cf01be5c83, type: 3}
      propertyPath: m_LocalEulerAnglesHint.x
      value: 0
      objectReference: {fileID: 0}
    - target: {fileID: 8154835462709719797, guid: aca9fc9493faa4b46a5c31cf01be5c83, type: 3}
      propertyPath: m_LocalEulerAnglesHint.y
      value: 0
      objectReference: {fileID: 0}
    - target: {fileID: 8154835462709719797, guid: aca9fc9493faa4b46a5c31cf01be5c83, type: 3}
      propertyPath: m_LocalEulerAnglesHint.z
      value: 0
      objectReference: {fileID: 0}
    - target: {fileID: 8154835462709719799, guid: aca9fc9493faa4b46a5c31cf01be5c83, type: 3}
      propertyPath: m_SortingOrder
      value: -5
      objectReference: {fileID: 0}
    m_RemovedComponents: []
  m_SourcePrefab: {fileID: 100100000, guid: aca9fc9493faa4b46a5c31cf01be5c83, type: 3}
--- !u!4 &1327583026017338317 stripped
Transform:
  m_CorrespondingSourceObject: {fileID: 8154835462709719797, guid: aca9fc9493faa4b46a5c31cf01be5c83, type: 3}
  m_PrefabInstance: {fileID: 7153772431894131000}
  m_PrefabAsset: {fileID: 0}
--- !u!1001 &7537116956271341962
PrefabInstance:
  m_ObjectHideFlags: 0
  serializedVersion: 2
  m_Modification:
    m_TransformParent: {fileID: 8575364099748048415}
    m_Modifications:
    - target: {fileID: 1104525064, guid: de88b3d3a8a3a684584f9d47fc63b441, type: 3}
      propertyPath: m_SortingOrder
      value: -5
      objectReference: {fileID: 0}
    - target: {fileID: 2999606211514516747, guid: de88b3d3a8a3a684584f9d47fc63b441, type: 3}
      propertyPath: m_RootOrder
      value: 6
      objectReference: {fileID: 0}
    - target: {fileID: 2999606211514516747, guid: de88b3d3a8a3a684584f9d47fc63b441, type: 3}
      propertyPath: m_LocalPosition.x
      value: 24.2
      objectReference: {fileID: 0}
    - target: {fileID: 2999606211514516747, guid: de88b3d3a8a3a684584f9d47fc63b441, type: 3}
      propertyPath: m_LocalPosition.y
      value: 13.618
      objectReference: {fileID: 0}
    - target: {fileID: 2999606211514516747, guid: de88b3d3a8a3a684584f9d47fc63b441, type: 3}
      propertyPath: m_LocalPosition.z
      value: 0
      objectReference: {fileID: 0}
    - target: {fileID: 2999606211514516747, guid: de88b3d3a8a3a684584f9d47fc63b441, type: 3}
      propertyPath: m_LocalRotation.w
      value: 1
      objectReference: {fileID: 0}
    - target: {fileID: 2999606211514516747, guid: de88b3d3a8a3a684584f9d47fc63b441, type: 3}
      propertyPath: m_LocalRotation.x
      value: -0
      objectReference: {fileID: 0}
    - target: {fileID: 2999606211514516747, guid: de88b3d3a8a3a684584f9d47fc63b441, type: 3}
      propertyPath: m_LocalRotation.y
      value: -0
      objectReference: {fileID: 0}
    - target: {fileID: 2999606211514516747, guid: de88b3d3a8a3a684584f9d47fc63b441, type: 3}
      propertyPath: m_LocalRotation.z
      value: -0
      objectReference: {fileID: 0}
    - target: {fileID: 2999606211514516747, guid: de88b3d3a8a3a684584f9d47fc63b441, type: 3}
      propertyPath: m_LocalEulerAnglesHint.x
      value: 0
      objectReference: {fileID: 0}
    - target: {fileID: 2999606211514516747, guid: de88b3d3a8a3a684584f9d47fc63b441, type: 3}
      propertyPath: m_LocalEulerAnglesHint.y
      value: 0
      objectReference: {fileID: 0}
    - target: {fileID: 2999606211514516747, guid: de88b3d3a8a3a684584f9d47fc63b441, type: 3}
      propertyPath: m_LocalEulerAnglesHint.z
      value: 0
      objectReference: {fileID: 0}
    - target: {fileID: 3372654233415358040, guid: de88b3d3a8a3a684584f9d47fc63b441, type: 3}
      propertyPath: m_Name
      value: Torch2 (6)
      objectReference: {fileID: 0}
    m_RemovedComponents: []
  m_SourcePrefab: {fileID: 100100000, guid: de88b3d3a8a3a684584f9d47fc63b441, type: 3}
--- !u!4 &4699939439516890241 stripped
Transform:
  m_CorrespondingSourceObject: {fileID: 2999606211514516747, guid: de88b3d3a8a3a684584f9d47fc63b441, type: 3}
  m_PrefabInstance: {fileID: 7537116956271341962}
  m_PrefabAsset: {fileID: 0}
--- !u!1001 &7541334040328326901
PrefabInstance:
  m_ObjectHideFlags: 0
  serializedVersion: 2
  m_Modification:
    m_TransformParent: {fileID: 8575364099748048415}
    m_Modifications:
    - target: {fileID: 1104525064, guid: de88b3d3a8a3a684584f9d47fc63b441, type: 3}
      propertyPath: m_SortingOrder
      value: -5
      objectReference: {fileID: 0}
    - target: {fileID: 2999606211514516747, guid: de88b3d3a8a3a684584f9d47fc63b441, type: 3}
      propertyPath: m_RootOrder
      value: 5
      objectReference: {fileID: 0}
    - target: {fileID: 2999606211514516747, guid: de88b3d3a8a3a684584f9d47fc63b441, type: 3}
      propertyPath: m_LocalPosition.x
      value: 15.47
      objectReference: {fileID: 0}
    - target: {fileID: 2999606211514516747, guid: de88b3d3a8a3a684584f9d47fc63b441, type: 3}
      propertyPath: m_LocalPosition.y
      value: 37.6
      objectReference: {fileID: 0}
    - target: {fileID: 2999606211514516747, guid: de88b3d3a8a3a684584f9d47fc63b441, type: 3}
      propertyPath: m_LocalPosition.z
      value: 0
      objectReference: {fileID: 0}
    - target: {fileID: 2999606211514516747, guid: de88b3d3a8a3a684584f9d47fc63b441, type: 3}
      propertyPath: m_LocalRotation.w
      value: 1
      objectReference: {fileID: 0}
    - target: {fileID: 2999606211514516747, guid: de88b3d3a8a3a684584f9d47fc63b441, type: 3}
      propertyPath: m_LocalRotation.x
      value: -0
      objectReference: {fileID: 0}
    - target: {fileID: 2999606211514516747, guid: de88b3d3a8a3a684584f9d47fc63b441, type: 3}
      propertyPath: m_LocalRotation.y
      value: -0
      objectReference: {fileID: 0}
    - target: {fileID: 2999606211514516747, guid: de88b3d3a8a3a684584f9d47fc63b441, type: 3}
      propertyPath: m_LocalRotation.z
      value: -0
      objectReference: {fileID: 0}
    - target: {fileID: 2999606211514516747, guid: de88b3d3a8a3a684584f9d47fc63b441, type: 3}
      propertyPath: m_LocalEulerAnglesHint.x
      value: 0
      objectReference: {fileID: 0}
    - target: {fileID: 2999606211514516747, guid: de88b3d3a8a3a684584f9d47fc63b441, type: 3}
      propertyPath: m_LocalEulerAnglesHint.y
      value: 0
      objectReference: {fileID: 0}
    - target: {fileID: 2999606211514516747, guid: de88b3d3a8a3a684584f9d47fc63b441, type: 3}
      propertyPath: m_LocalEulerAnglesHint.z
      value: 0
      objectReference: {fileID: 0}
    - target: {fileID: 3372654233415358040, guid: de88b3d3a8a3a684584f9d47fc63b441, type: 3}
      propertyPath: m_Name
      value: Torch2 (5)
      objectReference: {fileID: 0}
    m_RemovedComponents: []
  m_SourcePrefab: {fileID: 100100000, guid: de88b3d3a8a3a684584f9d47fc63b441, type: 3}
--- !u!4 &4686152292153691134 stripped
Transform:
  m_CorrespondingSourceObject: {fileID: 2999606211514516747, guid: de88b3d3a8a3a684584f9d47fc63b441, type: 3}
  m_PrefabInstance: {fileID: 7541334040328326901}
  m_PrefabAsset: {fileID: 0}
--- !u!1001 &8012784578621535178
PrefabInstance:
  m_ObjectHideFlags: 0
  serializedVersion: 2
  m_Modification:
    m_TransformParent: {fileID: 8575364099748048415}
    m_Modifications:
    - target: {fileID: 1104525064, guid: de88b3d3a8a3a684584f9d47fc63b441, type: 3}
      propertyPath: m_SortingOrder
      value: -5
      objectReference: {fileID: 0}
    - target: {fileID: 2999606211514516747, guid: de88b3d3a8a3a684584f9d47fc63b441, type: 3}
      propertyPath: m_RootOrder
      value: 4
      objectReference: {fileID: 0}
    - target: {fileID: 2999606211514516747, guid: de88b3d3a8a3a684584f9d47fc63b441, type: 3}
      propertyPath: m_LocalPosition.x
      value: 57.84
      objectReference: {fileID: 0}
    - target: {fileID: 2999606211514516747, guid: de88b3d3a8a3a684584f9d47fc63b441, type: 3}
      propertyPath: m_LocalPosition.y
      value: 12.37
      objectReference: {fileID: 0}
    - target: {fileID: 2999606211514516747, guid: de88b3d3a8a3a684584f9d47fc63b441, type: 3}
      propertyPath: m_LocalPosition.z
      value: 0
      objectReference: {fileID: 0}
    - target: {fileID: 2999606211514516747, guid: de88b3d3a8a3a684584f9d47fc63b441, type: 3}
      propertyPath: m_LocalRotation.w
      value: 1
      objectReference: {fileID: 0}
    - target: {fileID: 2999606211514516747, guid: de88b3d3a8a3a684584f9d47fc63b441, type: 3}
      propertyPath: m_LocalRotation.x
      value: -0
      objectReference: {fileID: 0}
    - target: {fileID: 2999606211514516747, guid: de88b3d3a8a3a684584f9d47fc63b441, type: 3}
      propertyPath: m_LocalRotation.y
      value: -0
      objectReference: {fileID: 0}
    - target: {fileID: 2999606211514516747, guid: de88b3d3a8a3a684584f9d47fc63b441, type: 3}
      propertyPath: m_LocalRotation.z
      value: -0
      objectReference: {fileID: 0}
    - target: {fileID: 2999606211514516747, guid: de88b3d3a8a3a684584f9d47fc63b441, type: 3}
      propertyPath: m_LocalEulerAnglesHint.x
      value: 0
      objectReference: {fileID: 0}
    - target: {fileID: 2999606211514516747, guid: de88b3d3a8a3a684584f9d47fc63b441, type: 3}
      propertyPath: m_LocalEulerAnglesHint.y
      value: 0
      objectReference: {fileID: 0}
    - target: {fileID: 2999606211514516747, guid: de88b3d3a8a3a684584f9d47fc63b441, type: 3}
      propertyPath: m_LocalEulerAnglesHint.z
      value: 0
      objectReference: {fileID: 0}
    - target: {fileID: 3372654233415358040, guid: de88b3d3a8a3a684584f9d47fc63b441, type: 3}
      propertyPath: m_Name
      value: Torch2 (4)
      objectReference: {fileID: 0}
    m_RemovedComponents: []
  m_SourcePrefab: {fileID: 100100000, guid: de88b3d3a8a3a684584f9d47fc63b441, type: 3}
--- !u!4 &5085580933220153025 stripped
Transform:
  m_CorrespondingSourceObject: {fileID: 2999606211514516747, guid: de88b3d3a8a3a684584f9d47fc63b441, type: 3}
  m_PrefabInstance: {fileID: 8012784578621535178}
  m_PrefabAsset: {fileID: 0}
--- !u!1001 &8553743123649731361
PrefabInstance:
  m_ObjectHideFlags: 0
  serializedVersion: 2
  m_Modification:
    m_TransformParent: {fileID: 8575364099748048415}
    m_Modifications:
    - target: {fileID: 1104525064, guid: de88b3d3a8a3a684584f9d47fc63b441, type: 3}
      propertyPath: m_SortingOrder
      value: -5
      objectReference: {fileID: 0}
    - target: {fileID: 2999606211514516747, guid: de88b3d3a8a3a684584f9d47fc63b441, type: 3}
      propertyPath: m_RootOrder
      value: 2
      objectReference: {fileID: 0}
    - target: {fileID: 2999606211514516747, guid: de88b3d3a8a3a684584f9d47fc63b441, type: 3}
      propertyPath: m_LocalPosition.x
      value: 50.55
      objectReference: {fileID: 0}
    - target: {fileID: 2999606211514516747, guid: de88b3d3a8a3a684584f9d47fc63b441, type: 3}
      propertyPath: m_LocalPosition.y
      value: 51.46
      objectReference: {fileID: 0}
    - target: {fileID: 2999606211514516747, guid: de88b3d3a8a3a684584f9d47fc63b441, type: 3}
      propertyPath: m_LocalPosition.z
      value: 0
      objectReference: {fileID: 0}
    - target: {fileID: 2999606211514516747, guid: de88b3d3a8a3a684584f9d47fc63b441, type: 3}
      propertyPath: m_LocalRotation.w
      value: 1
      objectReference: {fileID: 0}
    - target: {fileID: 2999606211514516747, guid: de88b3d3a8a3a684584f9d47fc63b441, type: 3}
      propertyPath: m_LocalRotation.x
      value: -0
      objectReference: {fileID: 0}
    - target: {fileID: 2999606211514516747, guid: de88b3d3a8a3a684584f9d47fc63b441, type: 3}
      propertyPath: m_LocalRotation.y
      value: -0
      objectReference: {fileID: 0}
    - target: {fileID: 2999606211514516747, guid: de88b3d3a8a3a684584f9d47fc63b441, type: 3}
      propertyPath: m_LocalRotation.z
      value: -0
      objectReference: {fileID: 0}
    - target: {fileID: 2999606211514516747, guid: de88b3d3a8a3a684584f9d47fc63b441, type: 3}
      propertyPath: m_LocalEulerAnglesHint.x
      value: 0
      objectReference: {fileID: 0}
    - target: {fileID: 2999606211514516747, guid: de88b3d3a8a3a684584f9d47fc63b441, type: 3}
      propertyPath: m_LocalEulerAnglesHint.y
      value: 0
      objectReference: {fileID: 0}
    - target: {fileID: 2999606211514516747, guid: de88b3d3a8a3a684584f9d47fc63b441, type: 3}
      propertyPath: m_LocalEulerAnglesHint.z
      value: 0
      objectReference: {fileID: 0}
    - target: {fileID: 3372654233415358040, guid: de88b3d3a8a3a684584f9d47fc63b441, type: 3}
      propertyPath: m_Name
      value: Torch2 (2)
      objectReference: {fileID: 0}
    m_RemovedComponents: []
  m_SourcePrefab: {fileID: 100100000, guid: de88b3d3a8a3a684584f9d47fc63b441, type: 3}
--- !u!4 &6851591288722415146 stripped
Transform:
  m_CorrespondingSourceObject: {fileID: 2999606211514516747, guid: de88b3d3a8a3a684584f9d47fc63b441, type: 3}
  m_PrefabInstance: {fileID: 8553743123649731361}
  m_PrefabAsset: {fileID: 0}
--- !u!1001 &8995685400079184520
PrefabInstance:
  m_ObjectHideFlags: 0
  serializedVersion: 2
  m_Modification:
    m_TransformParent: {fileID: 8575364099748048415}
    m_Modifications:
    - target: {fileID: 1104525064, guid: de88b3d3a8a3a684584f9d47fc63b441, type: 3}
      propertyPath: m_SortingOrder
      value: -5
      objectReference: {fileID: 0}
    - target: {fileID: 2999606211514516747, guid: de88b3d3a8a3a684584f9d47fc63b441, type: 3}
      propertyPath: m_RootOrder
      value: 0
      objectReference: {fileID: 0}
    - target: {fileID: 2999606211514516747, guid: de88b3d3a8a3a684584f9d47fc63b441, type: 3}
      propertyPath: m_LocalPosition.x
      value: 43.93
      objectReference: {fileID: 0}
    - target: {fileID: 2999606211514516747, guid: de88b3d3a8a3a684584f9d47fc63b441, type: 3}
      propertyPath: m_LocalPosition.y
      value: 45.4
      objectReference: {fileID: 0}
    - target: {fileID: 2999606211514516747, guid: de88b3d3a8a3a684584f9d47fc63b441, type: 3}
      propertyPath: m_LocalPosition.z
      value: 0
      objectReference: {fileID: 0}
    - target: {fileID: 2999606211514516747, guid: de88b3d3a8a3a684584f9d47fc63b441, type: 3}
      propertyPath: m_LocalRotation.w
      value: 1
      objectReference: {fileID: 0}
    - target: {fileID: 2999606211514516747, guid: de88b3d3a8a3a684584f9d47fc63b441, type: 3}
      propertyPath: m_LocalRotation.x
      value: -0
      objectReference: {fileID: 0}
    - target: {fileID: 2999606211514516747, guid: de88b3d3a8a3a684584f9d47fc63b441, type: 3}
      propertyPath: m_LocalRotation.y
      value: -0
      objectReference: {fileID: 0}
    - target: {fileID: 2999606211514516747, guid: de88b3d3a8a3a684584f9d47fc63b441, type: 3}
      propertyPath: m_LocalRotation.z
      value: -0
      objectReference: {fileID: 0}
    - target: {fileID: 2999606211514516747, guid: de88b3d3a8a3a684584f9d47fc63b441, type: 3}
      propertyPath: m_LocalEulerAnglesHint.x
      value: 0
      objectReference: {fileID: 0}
    - target: {fileID: 2999606211514516747, guid: de88b3d3a8a3a684584f9d47fc63b441, type: 3}
      propertyPath: m_LocalEulerAnglesHint.y
      value: 0
      objectReference: {fileID: 0}
    - target: {fileID: 2999606211514516747, guid: de88b3d3a8a3a684584f9d47fc63b441, type: 3}
      propertyPath: m_LocalEulerAnglesHint.z
      value: 0
      objectReference: {fileID: 0}
    - target: {fileID: 3372654233415358040, guid: de88b3d3a8a3a684584f9d47fc63b441, type: 3}
      propertyPath: m_Name
      value: Torch2
      objectReference: {fileID: 0}
    m_RemovedComponents: []
  m_SourcePrefab: {fileID: 100100000, guid: de88b3d3a8a3a684584f9d47fc63b441, type: 3}
--- !u!4 &6158573264362010499 stripped
Transform:
  m_CorrespondingSourceObject: {fileID: 2999606211514516747, guid: de88b3d3a8a3a684584f9d47fc63b441, type: 3}
  m_PrefabInstance: {fileID: 8995685400079184520}
  m_PrefabAsset: {fileID: 0}
--- !u!1001 &9151281669296370069
PrefabInstance:
  m_ObjectHideFlags: 0
  serializedVersion: 2
  m_Modification:
    m_TransformParent: {fileID: 8575364099748048415}
    m_Modifications:
    - target: {fileID: 8154835462709719793, guid: aca9fc9493faa4b46a5c31cf01be5c83, type: 3}
      propertyPath: m_Name
      value: Torch1 (1)
      objectReference: {fileID: 0}
    - target: {fileID: 8154835462709719797, guid: aca9fc9493faa4b46a5c31cf01be5c83, type: 3}
      propertyPath: m_RootOrder
      value: 9
      objectReference: {fileID: 0}
    - target: {fileID: 8154835462709719797, guid: aca9fc9493faa4b46a5c31cf01be5c83, type: 3}
      propertyPath: m_LocalScale.x
      value: -2
      objectReference: {fileID: 0}
    - target: {fileID: 8154835462709719797, guid: aca9fc9493faa4b46a5c31cf01be5c83, type: 3}
      propertyPath: m_LocalPosition.x
      value: 38.303
      objectReference: {fileID: 0}
    - target: {fileID: 8154835462709719797, guid: aca9fc9493faa4b46a5c31cf01be5c83, type: 3}
      propertyPath: m_LocalPosition.y
      value: 11.991315
      objectReference: {fileID: 0}
    - target: {fileID: 8154835462709719797, guid: aca9fc9493faa4b46a5c31cf01be5c83, type: 3}
      propertyPath: m_LocalPosition.z
      value: 0
      objectReference: {fileID: 0}
    - target: {fileID: 8154835462709719797, guid: aca9fc9493faa4b46a5c31cf01be5c83, type: 3}
      propertyPath: m_LocalRotation.w
      value: 1
      objectReference: {fileID: 0}
    - target: {fileID: 8154835462709719797, guid: aca9fc9493faa4b46a5c31cf01be5c83, type: 3}
      propertyPath: m_LocalRotation.x
      value: -0
      objectReference: {fileID: 0}
    - target: {fileID: 8154835462709719797, guid: aca9fc9493faa4b46a5c31cf01be5c83, type: 3}
      propertyPath: m_LocalRotation.y
      value: -0
      objectReference: {fileID: 0}
    - target: {fileID: 8154835462709719797, guid: aca9fc9493faa4b46a5c31cf01be5c83, type: 3}
      propertyPath: m_LocalRotation.z
      value: -0
      objectReference: {fileID: 0}
    - target: {fileID: 8154835462709719797, guid: aca9fc9493faa4b46a5c31cf01be5c83, type: 3}
      propertyPath: m_LocalEulerAnglesHint.x
      value: 0
      objectReference: {fileID: 0}
    - target: {fileID: 8154835462709719797, guid: aca9fc9493faa4b46a5c31cf01be5c83, type: 3}
      propertyPath: m_LocalEulerAnglesHint.y
      value: 0
      objectReference: {fileID: 0}
    - target: {fileID: 8154835462709719797, guid: aca9fc9493faa4b46a5c31cf01be5c83, type: 3}
      propertyPath: m_LocalEulerAnglesHint.z
      value: 0
      objectReference: {fileID: 0}
    - target: {fileID: 8154835462709719799, guid: aca9fc9493faa4b46a5c31cf01be5c83, type: 3}
      propertyPath: m_SortingOrder
      value: -5
      objectReference: {fileID: 0}
    m_RemovedComponents: []
  m_SourcePrefab: {fileID: 100100000, guid: aca9fc9493faa4b46a5c31cf01be5c83, type: 3}
--- !u!4 &1140582325514797920 stripped
Transform:
  m_CorrespondingSourceObject: {fileID: 8154835462709719797, guid: aca9fc9493faa4b46a5c31cf01be5c83, type: 3}
  m_PrefabInstance: {fileID: 9151281669296370069}
  m_PrefabAsset: {fileID: 0}
